@misc{
    arewelearningyet,
    author = "Anthony Nowell",
    title = "Are we learning yet?",
    howpublished = {\url{https://arewelearningyet.com}},
    year = 2023,
}
